@inproceedings{digital_signature,
author = {Alajbegović, Hermina and Zečić, Dževad and Jamak, Hasan},
year = {2006},
month = {09},
title = {DIGITAL SIGNATURE ALGORITHM (DSA)}
}

@inproceedings{corrigibility,
  title={Corrigibility},
  author={Soares, Nate and Fallenstein, Benja and Armstrong, Stuart and Yudkowsky, Eliezer},
  booktitle={Workshops at the twenty-ninth AAAI conference on artificial intelligence},
  year={2015}
}
